<?xml version="1.0" encoding="UTF-8"?><collection xmlns="http://www.loc.gov/MARC21/slim"><record><leader>00527nam--2200181-i-4500</leader><controlfield tag="001">000020241</controlfield><controlfield tag="002">20161230</controlfield><controlfield tag="005">20170111222507</controlfield><controlfield tag="008">060222s1000------------r-----000-0-eng-d</controlfield><datafield ind1=" " ind2=" " tag="080"><subfield code="a">530.145</subfield></datafield><datafield ind1=" " ind2=" " tag="100"><subfield code="a">Feshbach, Herman</subfield></datafield><datafield ind1=" " ind2=" " tag="245"><subfield code="a">Methods of theoretical physics. Part. I: chapters 1 to 8</subfield></datafield><datafield ind1=" " ind2=" " tag="260"><subfield code="a">New York</subfield><subfield code="b">McGraw-Hill Book Company, Inc</subfield><subfield code="c">1953</subfield></datafield><datafield ind1=" " ind2=" " tag="300"><subfield code="a">XXII + 997 p</subfield></datafield><datafield ind1=" " ind2=" " tag="490"><subfield code="a">International Series In Pure And Applied Physics</subfield></datafield><datafield ind1=" " ind2=" " tag="700"><subfield code="a">Morse, Philip M</subfield></datafield><datafield ind1=" " ind2=" " tag="852"><subfield code="a">77632</subfield></datafield><datafield ind1=" " ind2=" " tag="CAT"><subfield code="a">SYS</subfield><subfield code="c">20170111</subfield><subfield code="h">222507</subfield></datafield></record></collection>